<?xml version="1.0" encoding="UTF-8"?><collection xmlns="http://www.loc.gov/MARC21/slim"><record><leader>00666nam--2200181-i-4500</leader><controlfield tag="001">000040431</controlfield><controlfield tag="002">20161230</controlfield><controlfield tag="005">20161230201042</controlfield><controlfield tag="008">060222s1000------------r-----000-0-eng-d</controlfield><datafield ind1=" " ind2=" " tag="040"><subfield code="a">IFIN-HH</subfield></datafield><datafield ind1=" " ind2=" " tag="080"><subfield code="a">537.533.35</subfield></datafield><datafield ind1="1" ind2=" " tag="100"><subfield code="a">Johari, Om</subfield></datafield><datafield ind1="1" ind2="0" tag="245"><subfield code="a">Scanning electron microscopy 1970</subfield><subfield code="b">Third annual scanning electron microscope smposium sponsored by metals reseach division iit research division</subfield><subfield code="c">Om johari, o.t. barnett, i. corvin, e.p. fahy, m.a.h. howes, n.m. parikh (symposium comittee)</subfield></datafield><datafield ind1=" " ind2=" " tag="260"><subfield code="a">Chicago</subfield><subfield code="b">Iit Research Institute</subfield><subfield code="c">1970</subfield></datafield><datafield ind1=" " ind2=" " tag="300"><subfield code="a">VIII + 534 P</subfield></datafield><datafield ind1="1" ind2=" " tag="700"><subfield code="a">Parikh, N.M</subfield></datafield><datafield ind1=" " ind2=" " tag="852"><subfield code="a">35418</subfield><subfield code="c">537.533.35</subfield></datafield><datafield ind1=" " ind2=" " tag="CAT"><subfield code="a">Sys</subfield><subfield code="c">20110905</subfield><subfield code="h">143624</subfield></datafield></record></collection>